@ARTICLE{Viola04robustreal-time,
    author = {Paul Viola and Michael Jones},
    title = {Robust real-time face detection},
    journal = {International Journal of Computer Vision},
    year = {2004},
    volume = {57},
    pages = {137--154}
}

@Article{CVIU2001:Hjelmas,
      author =       "Erik Hjelm{\aa}s and Boon Kee Low",
      title =        "Face Detection: {A} Survey",
      journal =      "Computer Vision and Image Understanding",
      volume =       "83",
      number =       "3",
      pages =        "236--274",
      month =        sep,
      year =         "2001",
      URL =          "http://dx.doi.org/10.1006/cviu.2001.0921",
      DOI =          "10.1006/cviu.2001.0921"
}

@inproceedings{conf/isda/ChandrappaR12,
  added-at = {2013-01-31T00:00:00.000+0100},
  author = {Chandrappa, D. N. and Ravishankar, M.},
  biburl = {http://www.bibsonomy.org/bibtex/21d217ce4a4a6476364684147d27abb0e/dblp},
  booktitle = {ISDA},
  crossref = {conf/isda/2012},
  editor = {Abraham, Ajith and Zomaya, Albert Y. and Ventura, Sebastián and Yager, Ronald and Snásel, Václav and Muda, Azah Kamilah and Samuel, Philip},
  ee = {http://dx.doi.org/10.1109/ISDA.2012.6416597},
  interhash = {40ef7418da591adf63669b7ba1ac7f74},
  intrahash = {1d217ce4a4a6476364684147d27abb0e},
  isbn = {978-1-4673-5117-1},
  keywords = {dblp},
  pages = {552-556},
  publisher = {IEEE},
  timestamp = {2013-01-31T00:00:00.000+0100},
  title = {Automatic face recognition in a crowded scene using multi layered clutter filtering and independent component analysis.},
  url = {http://dblp.uni-trier.de/db/conf/isda/isda2012.html#ChandrappaR12},
  year = 2012
}

@Article{prabhu_utsav_facialrecog,
    author = {Prabhu Utsav, and Keshav Seshadri},
    title = {Facial Recognition Using Active Shape Models, Local Patches and Support Vector Machines}
}

@ARTICLE{Rowley98neuralnetwork-based,
    author = {Henry A. Rowley and Student Member and Shumeet Baluja and Takeo Kanade},
    title = {Neural Network-Based Face Detection},
    journal = {IEEE Transactions On Pattern Analysis and Machine intelligence},
    year = {1998},
    volume = {20},
    pages = {23--38}
}

@inproceedings{zhang2014improving,
  title={Improving multiview face detection with multi-task deep convolutional neural networks},
  author={Zhang, Cha and Zhang, Zhengyou},
  booktitle={Applications of Computer Vision (WACV), 2014 IEEE Winter Conference on},
  pages={1036--1041},
  year={2014},
  organization={IEEE}
}

@ARTICLE{Li04floatboostlearning,
    author = {Stan Z. Li and ZhenQiu Zhang},
    title = {FloatBoost Learning and Statistical Face Detection},
    journal = {IEEE TRANSACTIONS ON PATTERN ANALYSIS AND MACHINE INTELLIGENCE},
    year = {2004},
    volume = {26},
    number = {9},
    pages = {2004}
}

@article{Senior:2002:FDC:513073.513082,
 author = {Senior, Andrew and Hsu, Rein-Lien and Mottaleb, Mohamed Abdel and Jain, Anil K.},
 title = {Face Detection in Color Images},
 journal = {IEEE Trans. Pattern Anal. Mach. Intell.},
 issue_date = {May 2002},
 volume = {24},
 number = {5},
 month = may,
 year = {2002},
 issn = {0162-8828},
 pages = {696--706},
 numpages = {11},
 url = {http://dx.doi.org/10.1109/34.1000242},
 doi = {10.1109/34.1000242},
 acmid = {513082},
 publisher = {IEEE Computer Society},
 address = {Washington, DC, USA},
 keywords = {Face detection, face recognition, lighting compensation, color transformation, skin tone, facial feature map, Hough transform},
} 

@Article{rahman_face_det_gender_svm,
    author = {Md. Hafizur Rahman, Suman Chowdhury, Md. Abul Bashar},
    title = {An Automatic Face Detection and Gender Classification from Color Images using Support Vector Machine}
}

@INPROCEEDINGS{Elad00patterndetection,
    author = {Michael Elad and Yacov Hel-or and Renato Keshet},
    title = {Pattern detection using maximal rejection classifier},
    booktitle = {In Int. Workshop on Visual Form},
    year = {2000},
    pages = {28--30}
}

@inproceedings{barr2014effectiveness,
  title={The Effectiveness of Face Detection Algorithms in Unconstrained Crowd Scenes},
  author={Barr, Jeremiah R and Bowyer, Kevin W and Flynn, Patrick J},
  booktitle={Applications of Computer Vision (WACV), 2014 IEEE Winter Conference on},
  pages={1020--1027}
}

@INPROCEEDINGS{Viola01rapidobject,
    author = {Paul Viola and Michael Jones},
    title = {Rapid object detection using a boosted cascade of simple features},
    booktitle = {},
    year = {2001},
    pages = {511--518}
}

@MISC{Klontz13acase,
    author = {Joshua C. Klontz and Anil K. Jain},
    title = {A Case Study on Unconstrained Facial Recognition Using the Boston Marathon Bombings Suspects},
    year = {2013}
}

@INPROCEEDINGS{5539992, 
author={Zhimin Cao and Qi Yin and Xiaoou Tang and Jian Sun}, 
booktitle={Computer Vision and Pattern Recognition (CVPR), 2010 IEEE Conference on}, 
title={Face recognition with learning-based descriptor}, 
year={2010}, 
month={June}, 
pages={2707-2714}, 
keywords={face recognition;image coding;image matching;image representation;principal component analysis;unsupervised learning;compact face descriptor;face recognition;face representation;labeled face in wild benchmark;learning-based descriptor;learning-based encoding method;matching issue;normalization mechanism;pose-adaptive matching method;principal component analysis;representation issue;unsupervised learning techniques;Asia;Design methodology;Encoding;Face detection;Face recognition;Histograms;Lighting;Principal component analysis;Robustness;Unsupervised learning}, 
doi={10.1109/CVPR.2010.5539992}, 
ISSN={1063-6919},}

@MISC{Huang_labeledfaces,
    author = {Gary B. Huang and Manu Ramesh and Tamara Berg and Erik Learned-miller},
    title = {Labeled Faces in the Wild: A Database for Studying Face Recognition in Unconstrained Environments},
    year = {}
}

@MISC{Lu_imageanalysis,
    author = {Xiaoguang Lu},
    title = {Image Analysis for Face Recognition},
    year = {}
}

@article{Draper:2003:RFP:950135.950141,
 author = {Draper, Bruce A. and Baek, Kyungim and Bartlett, Marian Stewart and Beveridge, J. Ross},
 title = {Recognizing Faces with PCA and ICA},
 journal = {Comput. Vis. Image Underst.},
 issue_date = {July 2003},
 volume = {91},
 number = {1-2},
 month = jul,
 year = {2003},
 issn = {1077-3142},
 pages = {115--137},
 numpages = {23},
 url = {http://dx.doi.org/10.1016/S1077-3142(03)00077-8},
 doi = {10.1016/S1077-3142(03)00077-8},
 acmid = {950141},
 publisher = {Elsevier Science Inc.},
 address = {New York, NY, USA},
} 

@TechReport{fddbTech,
  author = {Vidit Jain and Erik Learned-Miller},
  title =  {FDDB: A Benchmark for Face Detection in Unconstrained Settings},
  institution =  {University of Massachusetts, Amherst},
  year = {2010},
  number = {UM-CS-2010-009}
  }

   @Article{GeBeKr01, 
  author =  "Georghiades, A.S. and Belhumeur, P.N. and Kriegman, D.J.", 
  title =   "From Few to Many: Illumination Cone Models for Face Recognition under 
               Variable Lighting and Pose", 
  journal = "IEEE Trans. Pattern Anal. Mach. Intelligence", 
  year =  2001, 
  volume = 23, 
  number = 6, 
  pages= "643-660"} 